<record><leader>00000cas a22000007a 4500</leader><controlfield tag="001">22135783</controlfield><controlfield tag="008">900724d19291930nhuwr ne      0    0eng d</controlfield><datafield ind1=" " ind2=" " tag="010"><subfield code="a">sn 90062326 </subfield></datafield><datafield ind1=" " ind2=" " tag="040"><subfield code="a">NVH</subfield><subfield code="b">eng</subfield><subfield code="c">NVH</subfield><subfield code="d">OCLCQ</subfield></datafield><datafield ind1=" " ind2=" " tag="042"><subfield code="a">msc</subfield></datafield><datafield ind1="0" ind2="0" tag="245"><subfield code="a">Rockingham county gazette and Hamptons union.</subfield></datafield><datafield ind1=" " ind2=" " tag="260"><subfield code="a">Hampton, N.H. :</subfield><subfield code="b">Rockingham Print.</subfield></datafield><datafield ind1=" " ind2=" " tag="300"><subfield code="a">v.</subfield></datafield><datafield ind1=" " ind2=" " tag="310"><subfield code="a">Weekly</subfield></datafield><datafield ind1="0" ind2=" " tag="362"><subfield code="a">Vol. 33, no. 17 (Apr. 25, 1929)-v. 33, no. 13 (Mar. 27, 1930).</subfield></datafield><datafield ind1=" " ind2=" " tag="515"><subfield code="a">Vol. numbering irregular.</subfield></datafield><datafield ind1=" " ind2=" " tag="752"><subfield code="a">United States</subfield><subfield code="b">New Hampshire</subfield><subfield code="c">Rockingham</subfield><subfield code="d">Hampton.</subfield></datafield><datafield ind1="0" ind2="0" tag="780"><subfield code="t">Hamptons union (Hampton, N.H. : 1909)</subfield><subfield code="w">(DLC)sn 90062325</subfield></datafield><datafield ind1="0" ind2="0" tag="785"><subfield code="t">Hampton union and Rockingham county gazette (Hampton, N.H. : 1930)</subfield><subfield code="w">(DLC)sn 90062327</subfield></datafield></record>